@incollection{JavaReflection2013,
    title = {{Java Reflection Performance Analysis Using Different Java Development}},
    year = {2013},
    booktitle = {Advances in Intelligent Control Systems and Computer Science},
    author = {Tudose Catalinand Odubasteanu, Carmenand Radu Serban},
    editor = {Dumitrache, Loan},
    pages = {439--452},
    publisher = {Springer Berlin Heidelberg},
    url = {https://doi.org/10.1007/978-3-642-32548-9_31},
    address = {Berlin, Heidelberg},
    isbn = {978-3-642-32548-9},
    doi = {10.1007/978-3-642-32548-9{\_}31}
}

@incollection{Vermeir2022.NETPlatform,
    title = {{.NET Compiler Platform}},
    year = {2022},
    booktitle = {Introducing .NET 6: Getting Started with Blazor, MAUI, Windows App SDK, Desktop Development, and Containers},
    author = {Vermeir, Nico},
    pages = {275--295},
    publisher = {Apress},
    url = {https://doi.org/10.1007/978-1-4842-7319-7_10},
    address = {Berkeley, CA},
    isbn = {978-1-4842-7319-7},
    doi = {10.1007/978-1-4842-7319-7{\_}10}
}

@incollection{Forman2005EvaluatingPerformance,
    title = {{Evaluating performance}},
    year = {2005},
    booktitle = {Java reflection in action},
    author = {Forman, Ira and Forman, Nate},
    chapter = {9},
    pages = {207--223},
    publisher = {Manning},
    address = {Greenwich},
    isbn = {1-932394-18-4}
}

@article{Draheim2005GenerativeC,
    title = {{Generative Programming for C{\#}}},
    year = {2005},
    journal = {SIGPLAN Not.},
    author = {Draheim, Dirk and Lutteroth, Christof and Weber, Gerald},
    number = {8},
    month = {8},
    pages = {29--33},
    volume = {40},
    publisher = {Association for Computing Machinery},
    url = {https://doi.org/10.1145/1089851.1089857},
    address = {New York, NY, USA},
    doi = {10.1145/1089851.1089857},
    issn = {0362-1340},
    keywords = {generative programming, genericity, reflection}
}

@article{Odubasteanu2013JavaDevelopment,
    title = {{Java Reflection Performance Analysis Using Different Java Development}},
    year = {2013},
    journal = {Advances in Intelligent Control Systems and Computer Science},
    author = {Odub{\u{a}}{\c{s}}teanu, Tudose Cătălinand and Serban, Carmenand Radu},
    pages = {439--452}
}

@inproceedings{Dragan2005PerformanceComputing,
    title = {{Performance analysis of generics in scientific computing}},
    year = {2005},
    booktitle = {Seventh International Symposium on Symbolic and Numeric Algorithms for Scientific Computing (SYNASC'05)},
    author = {Dragan, L and Watt, S M},
    number = {},
    pages = {},
    volume = {},
    doi = {10.1109/SYNASC.2005.56}
}

@incollection{Halloway2001ReflectionInformIT,
    title = {{Reflection Performance | Java Type Information and Reflection | InformIT}},
    year = {2001},
    booktitle = {Component Development for the Java Platform },
    author = {Halloway, Stuart Dabbs},
    chapter = {3.5},
    edition = {1Dec},
    month = {12},
    publisher = { Addison-Wesley Professional. },
    url = {https://www.informit.com/articles/article.aspx?p=26872&seqNum=6}
}

@misc{Microsoft2022SourceGenerators,
    title = {{Source Generators}},
    year = {2022},
    author = {{Microsoft}},
    month = {6},
    url = {https://learn.microsoft.com/en-us/dotnet/csharp/roslyn-sdk/source-generators-overview}
}

@phdthesis{Slimak2022SourceSLIMAK,
    title = {{Source Generators in C{\#} BC. OND{\v{R}}EJ SLIM{\'{A}}K}},
    year = {2022},
    author = {Slim{\'{a}}k, Ondřej},
    school = {Maaryk University}
}

@article{Syriani2018SystematicGeneration,
    title = {{Systematic mapping study of template-based code generation}},
    year = {2018},
    journal = {Computer Languages, Systems {\&} Structures},
    author = {Syriani, Eugene and Luhunu, Lechanceux and Sahraoui, Houari},
    month = {6},
    pages = {43--62},
    volume = {52},
    publisher = {Pergamon},
    doi = {10.1016/J.CL.2017.11.003},
    issn = {1477-8424},
    arxivId = {1703.06353},
    keywords = {Code generation, Model-driven engineering, Systematic mapping study}
}

@article{Franz2022TrendsCompilerbau,
    title = {{Trends im Compilerbau}},
    year = {2022},
    journal = {informatikJournal},
    author = {Franz, Joshua},
    pages = {13--19},
    volume = {13}
}

@inproceedings{Tran2010UsingGeneration,
    title = {{Using task and data models for user interface declarative generation}},
    year = {2010},
    booktitle = {ICEIS 2010 - Proceedings of the 12th International Conference on Enterprise Information Systems},
    author = {Tran, Vi and Kolp, Manuel and Vanderdonckt, Jean and Wautelet, Yves},
    pages = {155--160},
    volume = {5 HCI},
    isbn = {9789898425089},
    doi = {10.5220/0002901501550160},
    keywords = {Agent software, Automatic generation, Domain model, Task model, User interface}
}